@book{blanchette-2009,
  author = "Jasmin Christian Blanchette",
  title = {Picking Nits: A User's Guide to Nitpick for Isa\-belle/\allowbreak HOL 2010},
  publisher = {Dept.\ of Informatics, T.U. M\"unchen},
  note = "\url{http://isabelle.in.tum.de/~blanchet/nitpick-1.2.2/Nitpick/manual/nitpick.pdf}",
  year = 2010}

@book{jackson-2006,
  author = "Daniel Jackson",
  title = "Software Abstractions: Logic, Language, and Analysis",
  publisher = "MIT Press",
  year = 2006}

@inproceedings{torlak-jackson-2007,
  title = "Kodkod: A Relational Model Finder",
  author = "Emina Torlak and Daniel Jackson",
  editor = "Orna Grumberg and Michael Huth",
  booktitle = "TACAS 2007",
  series = {{LNCS}},
  volume = {4424},
  pages = "632--647",
  year = 2007,
  publisher = {Springer}}

@misc{kodkod-2009,
  author = "Emina Torlak",
  title = {Kodkod: A Constraint Solver for Relational Logic},
  note = "\url{http://alloy.mit.edu/kodkod/}"}

@misc{kodkod-2009-options,
  author = "Emina Torlak",
  title = "Kodkod {API}: Class {Options}",
  note = "\url{http://alloy.mit.edu/kodkod/docs/kodkod/engine/config/Options.html}"}

@misc{nitpick-2009,
  author = "Jasmin Christian Blanchette",
  title = "Nitpick: Yet Another Counterexample Generator for
{I}sabelle/{HOL}",
  note = "\url{http://isabelle.in.tum.de/~blanchet/nitpick.html}"}

%%% TODO: Check author
@misc{picosat-2009,
  author = "Armin Biere",
  title = "Pico{SAT}",
  note = "\url{http://fmv.jku.at/picosat/}"}
